@inproceedings{
attali2024delaunay,
title={Delaunay Graph: Addressing Over-Squashing and Over-Smoothing Using Delaunay Triangulation},
author={Hugo Attali and Davide Buscaldi and Nathalie Pernelle},
booktitle={Forty-first International Conference on Machine Learning},
year={2024},
url={https://openreview.net/forum?id=uyhjKoaIQa}
}