
# =================================================================================================
# Main paper
# =================================================================================================
@inproceedings{attali2024delaunay,
  title     = {Delaunay Graph: Addressing Over-Squashing and Over-Smoothing Using Delaunay Triangulation},
  author    = {Hugo Attali and Davide Buscaldi and Nathalie Pernelle},
  booktitle = {Forty-first International Conference on Machine Learning},
  year      = {2024},
  url       = {https://openreview.net/forum?id=uyhjKoaIQa}
}
@misc{wilson2024cayleygraphpropagation,
  title         = {Cayley Graph Propagation},
  author        = {JJ Wilson and Maya Bechler-Speicher and Petar Veličković},
  year          = {2024},
  eprint        = {2410.03424},
  archiveprefix = {arXiv},
  primaryclass  = {cs.LG},
  url           = {https://arxiv.org/abs/2410.03424}
}

# =================================================================================================
# References
# =================================================================================================
